<?xml version="1.0" encoding="UTF-8"?><collection xmlns="http://www.loc.gov/MARC21/slim"><record><leader>00659nam--2200241-u-4500</leader><controlfield tag="001">000050409</controlfield><controlfield tag="002">20161230</controlfield><controlfield tag="003">81819</controlfield><controlfield tag="005">20161230201048</controlfield><controlfield tag="008">070312s1000------------r-----000-0-eng-d</controlfield><datafield ind1=" " ind2=" " tag="020"><subfield code="a">3-540-65981-1</subfield></datafield><datafield ind1=" " ind2=" " tag="040"><subfield code="a">IFIN-HH</subfield></datafield><datafield ind1=" " ind2=" " tag="041"><subfield code="a">eng</subfield></datafield><datafield ind1=" " ind2=" " tag="080"><subfield code="a">530.14:538.945</subfield></datafield><datafield ind1="1" ind2=" " tag="100"><subfield code="a">Nagaosa,N</subfield></datafield><datafield ind1="1" ind2="0" tag="245"><subfield code="a">Quantum Field Theory in Strongly Correlated Electronic Systems</subfield><subfield code="c">N. Nagaosa</subfield></datafield><datafield ind1=" " ind2=" " tag="260"><subfield code="a">Berlin</subfield><subfield code="b">Springer-Verlag</subfield><subfield code="c">1999</subfield></datafield><datafield ind1=" " ind2=" " tag="300"><subfield code="a">170 p</subfield></datafield><datafield ind1=" " ind2=" " tag="490"><subfield code="a">Texts and Monographs in Physics</subfield></datafield><datafield ind1=" " ind2=" " tag="504"><subfield code="a">Includes Index. With 18 Figures</subfield></datafield><datafield ind1=" " ind2="4" tag="650"><subfield code="a">Quantum field theory</subfield></datafield><datafield ind1=" " ind2=" " tag="852"><subfield code="a">81819</subfield><subfield code="c">530.145</subfield></datafield><datafield ind1=" " ind2=" " tag="CAT"><subfield code="a">Sys</subfield><subfield code="c">20110404</subfield><subfield code="h">135246</subfield></datafield></record></collection>